@article{larranaga1999genetic,
  title={Genetic algorithms for the travelling salesman problem: A review of representations and operators},
  author={Larra{\~n}aga, Pedro and Kuijpers, Cindy M. H. and Murga, Roberto H. and Inza, Inaki and Dizdarevic, Sejla},
  journal={Artificial Intelligence Review},
  volume={13},
  number={2},
  pages={129--170},
  year={1999},
  publisher={Springer}
}

@misc{colin2002genetic,
  title={Genetic algorithms-Principles and perspectives, A guide to GA Theory},
  author={Colin, R Reeves and Jonathan, ER},
  year={2002},
  publisher={Dordrecht, the Netherlands: Kluwer Academic Publishers}
}

@article{moscato1989genetic,
  title={On genetic crossover operators for relative order preservation},
  author={Moscato, Pablo and others},
  journal={C3P Report},
  volume={778},
  year={1989}
}

@incollection{rocha1999preventing,
  title={Preventing premature convergence to local optima in genetic algorithms via random offspring generation},
  author={Rocha, Miguel and Neves, Jos{\'e}},
  booktitle={Multiple Approaches to Intelligent Systems},
  pages={127--136},
  year={1999},
  publisher={Springer}
}

@inproceedings{kureichick1996some,
  title={Some new features in genetic solution of the travelling salesman problem},
  author={Kureichick, V and Melikhov, AN and Miagkikh, VV and Savelev, OV and Topchy, AP},
  booktitle={Adaptive Computing in Engineering Design and Control},
  volume={96},
  year={1996}
}

@article{weisstein2006traveling,
  title={Traveling Salesman Problem},
  author={Weisstein, Eric W},
  year={2006},
  publisher={Wolfram Research, Inc.}
}

@inproceedings{pullan2003adapting,
  title={Adapting the genetic algorithm to the travelling salesman problem},
  author={Pullan, Wayne},
  booktitle={Evolutionary Computation, 2003. CEC'03. The 2003 Congress on},
  volume={2},
  pages={1029--1035},
  year={2003},
  organization={IEEE}
}